<collection xmlns="http://www.loc.gov/MARC21/slim">
<record>
  <leader>00271na 0a22000971i 450 </leader>
  <controlfield tag="001">IT\ICCU\CNCE\043849</controlfield>
  <controlfield tag="005">20081001000000.0</controlfield>
  <datafield tag="100" ind1=" " ind2=" ">
    <subfield code="a">19990108             0itac0103    ba</subfield>
  </datafield>
  <datafield tag="101" ind1=" " ind2=" ">
    <subfield code="a">LAT</subfield>
  </datafield>
  <datafield tag="200" ind1="1" ind2=" ">
    <subfield code="a">Quadragesimale, &amp; de illustribus Antiqui ac Noui Testamenti</subfield>
  </datafield>
  <datafield tag="801" ind1=" " ind2="3">
    <subfield code="a">IT</subfield>
    <subfield code="b">ICCU</subfield>
    <subfield code="c">20201114</subfield>
  </datafield>
</record>
</collection>
